<?xml version="1.0" encoding="UTF-8"?><collection xmlns="http://www.loc.gov/MARC21/slim"><record><leader>00518nam--2200193-u-4500</leader><controlfield tag="001">000053611</controlfield><controlfield tag="002">20161230</controlfield><controlfield tag="005">20161230201051</controlfield><controlfield tag="008">110509s1000------------r-----000-0-rus-d</controlfield><datafield ind1=" " ind2=" " tag="040"><subfield code="a">IFIN-HH</subfield></datafield><datafield ind1=" " ind2=" " tag="041"><subfield code="a">rus</subfield></datafield><datafield ind1=" " ind2=" " tag="080"><subfield code="a">536.25:532.526</subfield></datafield><datafield ind1="1" ind2=" " tag="100"><subfield code="a">Kutateladze, S.S</subfield></datafield><datafield ind1="1" ind2="0" tag="245"><subfield code="a">Teplomassoobmen i trenie v turbulentiom pogranicinom sloe</subfield><subfield code="c">S.s. kutateladze; a.i. leontiev</subfield></datafield><datafield ind1=" " ind2=" " tag="260"><subfield code="a">Moskva</subfield><subfield code="b">Energia</subfield><subfield code="c">1972</subfield></datafield><datafield ind1=" " ind2=" " tag="300"><subfield code="a">344P</subfield></datafield><datafield ind1="1" ind2=" " tag="700"><subfield code="a">Leontiev, A.I</subfield></datafield><datafield ind1=" " ind2=" " tag="852"><subfield code="a">38944</subfield><subfield code="c">536</subfield></datafield><datafield ind1=" " ind2=" " tag="CAT"><subfield code="a">Sys</subfield><subfield code="c">20110509</subfield><subfield code="h">143800</subfield></datafield></record></collection>